% accelerates mese mwf imaging with grase-type acceleration
@ARTICLE{does:00:rat,
  author =		{M. D. Does and J. C. Gore},
  title =		{Rapid Acquisition Transverse Relaxometric Imaging},
  journal =		{{J. Mag. Res.}},
  volume =		147,
  number =		1,
  pages =		{{116--20}},
  month =		nov,
  doi =			{10.1006/jmre.2000.2168},
  year =		2000
}

% argues that continuous t2 spectrum preferable for biological data
@ARTICLE{kroeker:86:aob,
  author =		{R. M. Kroeker and R. M. Henkelman},
  title =		{Analysis of biological {NMR} relaxation data with continuous distributions of relaxation data},
  journal =		{{J. Mag. Res.}},
  volume =		69,
  number =		2,
  pages =		{{218--35}},
  month =		sep,
  doi =			{'10.1006/0022-2364(86)90074-0'},
  year =		1986
}
	
% extended phase graph formalism
@ARTICLE{hennig:88:mis,
  author =		{J. Hennig},
  title =		{Multiecho imaging sequences with low refocusing flip angles},
  journal =		{{J. Mag. Res.}},
  volume =		88,
  number =		3,
  pages =		{{397--407}},
  month =		jul,
  doi =			{'10.1006/0022-2364(88)90128-X'},
  year =		1988
}

