% example of flow velocity imaging
@ARTICLE{hope:13:cao,
	author =	{M. D. Hope and S. J. Wrenn and Petter Dyverfeldt},
	title =		{Clinical Applications of Aortic 4D Flow Imaging},
	journal =	{{Curr. Cardiovasc. Imag. Rep.}},
	volume =	6,
	number =	2,
	pages =		{{128--39}},
	month =		apr,
	doi =		{10.1007/s12410-012-9187-8},
	year =		2013
}

