@ARTICLE{bertsimas:93:sa,
  author = {D. Bertsimas and J. Tsitsiklis},
  title = {Simulated Annealing},
  journal = {Statistical Science},
  volume = 8,
  number = 1,
  pages = {{10-15}},
  year = 1993
}

% representer theorem
@ARTICLE{kimeldorf:70:acb,
  author = {G. S. Kimeldorf and G. A. Wahba},
  title = {A Correspondence Between Bayesian Estimation on Stochastic Processes and Smoothing by Splines},
  journal = {{Ann. Math. Statist.}},
  volume = 41,
  number = 2,
  pages = {{495-502}},
  doi = {10.1214/aoms/1177697089},
  year = 1970
}
 
