@ARTICLE{denolin:05:nii,
  author = {V. Denolin and C. Azizieh and T. Metens},
  title = {New Insights Into the Mechanisms of Signal Formation in RF-Spoiled Gradient Echo Sequences},
  journal = {{Mag. Res. Med.}},
  volume = 54,
  number = 4,
  pages = {{937--54}},
  month = oct,
  doi = {10.1002/mrm.20652},
  year = 2005
}

